@article{novak2012pvriprava,
    title="Příprava, vlastnosti a použití intermetalických sloučenin",
    author="Pavel Novák",
    journal="Chemické listy",
    volume="106",
    pages="884--889",
    year="2012"
}

@article{novak2009synteza,
    title="Syntéza intermediálních fází systému Ti-Al-Si metodou reaktivní sintrace",
    author="Pavel Novák and Dalibor Vojtěch and Jan Šerák and J. Kubásek and Filip Průša and Vítězslav Knotek and Alena Michalcová and Michal Novák",
    journal="Chemické listy",
    volume="103",
    pages="1022--1026",
    year="2009"
}

@article{NOVAK2009123,
    title = "Preparation of Ti–Al–Si alloys by reactive sintering",
    journal = "Journal of Alloys and Compounds",
    volume = "470",
    number = "1",
    pages = "123--126",
    year = "2009",
    issn = "0925-8388",
    doi = "https://doi.org/10.1016/j.jallcom.2008.02.046",
    url = "http://www.sciencedirect.com/science/article/pii/S0925838808003083",
    author = "Pavel Novák and Alena Michalcová and Jan Šerák and Dalibor Vojtěch and Tomáš Fabián and Simona Randáková and Filip Průša and Vítězslav Knotek and Michal Novák"
}

@article{NOVAKxrd,
  author       = {Pavel Novák and Vladimír Vojtěch and Zuzana Pecenová and Filip Průša and Petr Pokorný and Davy Deduytsche  and Christophe Detavernier and Adriana Bernatiková  and Pavel Salvetr and Anna Knaislová and Kateřina Nová and Lucyna Jaworska},
  issn         = {1580-2949},
  journal      = {MATERIALI IN TEHNOLOGIJE},
  language     = {eng},
  number       = {4},
  pages        = {679--685},
  title        = {Formation of Ni-Ti intermetallics during reactive sintering at 800-900 {\textdegree}C},
  url          = {http://dx.doi.org/10.17222/mit.2016.257},
  volume       = {51},
  year         = {2017},
}

@misc{XRD,
    howpublished="\url{https://serc.carleton.edu/research_education/geochemsheets/techniques/XRD.html}",
    author="Barbara L Dutrow, Louisiana State University , Christine M. Clark",
    title="Geochemical Instrumentation and Analysis: X-ray Powder Diffraction (XRD)",
    note="Accessed on 2019-05-29"
}

@misc{UKMKIvscht,
    howpublished="\url{https://ukmki.vscht.cz/veda-a-vyzkum/projekty}",
    author="Filip Průša",
    title="Aktuálně řešené projekty",
    note="Accessed on 2019-05-29"
}

@misc{pyqt5,
    howpublished="\url{https://www.riverbankcomputing.com/static/Docs/PyQt5/introduction.html}",
    title="PyQt v5.12 Reference Guide: License",
    note="Accessed on 2019-05-29"
}

@misc{pythonorg,
    howpublished="\url{https://www.python.org/}",
    title="Python Software Foundation: python\texttrademark",
    note="Accessed on 2019-05-29"
    }

@misc{NPY,
    howpublished="\url{https://www.numpy.org/}",
    title="NumPy",
    note="Accessed on 2019-05-29"
    }
    
@misc{PltLib,
    howpublished="\url{https://matplotlib.org/}",
    title="matplotlib Version 3.1.0",
    note="Accessed on 2019-05-29"
    }
    
@misc{SciOrg,
    howpublished="\url{https://scipy.org/scipylib/index.html}",
    title="SciPy library",
    note="Accessed on 2019-05-29"
    }

@inbook{uhlíř&sovka2002,
    author="Jan Uhlíř and Pavel Sovka",
    title="Číslicové zpracování signálů",
    place="Praha",
    edition="2",
    publisher="Vydavatelství ČVUT",
    year="2002"
}

@misc{PythonHist:1,
    title="The Making of Python: A Conversation with Guido van Rossum, Part I",
    author="Bill Venners",
    howpublished="\url{https://www.artima.com/intv/pythonP.html}",
    month="January",
    year="2013",
    note="Accessed on 2019-04-04"
}

@misc{PythonHist:2,
    howpublished="\url{https://www.javatpoint.com/python-history}",
    title="Python History and Versions",
    note="Accessed on 2019-04-04"
}

@inbook{Python3Summerfield:1,
    author="Mark Summerfield",
    title="Python 3: Výukový kurz",
    place="Brno",
    edition="1",
    publisher="Computer Press, a.s.",
    year="2010",
    pages="13"
}

@inbook{Python3Summerfield:2,
    author="Mark Summerfield",
    title="Python 3: Výukový kurz",
    place="Brno",
    edition="1",
    publisher="Computer Press, a.s.",
    year="2010",
    pages="544-546"
}

@misc{PythonVersion,
    howpublished="\url{https://www.python.org/downloads/}",
    title="Python releases by version number",
    note="Accessed on 2019-04-04"
}

@misc{PyQt,
    howpublished="\url{https://www.riverbankcomputing.com/software/pyqt/intro}",
    title="What is PyQt?",
    note="Accessed on 2019-04-14"
}

@misc{filtracedef,
    howpublished="\url{http://itakura.kes.tul.cz/zbynek/dwnld/Introduction_to_digital_filters.pdf}",
    author="Jindřich Žďánský",
    title="Úvod do číslicové filtrace",
    note="Accessed on 2019-04-21"
}

@misc{zerophase:1,
    howpublished="\url{https://tomroelandts.com/articles/applying-a-filter-in-both-directions-makes-it-zero-phase}",
    author="Tom Roelandts",
    title="Applying a Filter in Both Directions Makes it Zero Phase",
    note="Accessed on 2019-05-05"
}

@misc{zerophase:2,
    howpublished="\url{https://www.embedded.com/design/configurable-systems/4008847/DSP-Tricks-Doing-Zero-phase-filtering}",
    author="Richard G. Lyons",
    title="DSP Tricks: Doing Zero-phase filtering",
    note="Accessed on 2019-05-05"
}

@misc{filtfilt,
    howpublished="\url{https://docs.scipy.org/doc/scipy/reference/generated/scipy.signal.filtfilt.html}",
    title="SciPy documentation: scipy.signal.filtfilt",
    note="Accessed on 2019-05-05"
}

@misc{noisemedian,
    howpublished="\url{https://www.researchgate.net/figure/Noisy-image-and-noise-removal-image-by-median-filter_fig2_323067159}",
    title="A survey on image processing in noisy environment by fuzzy logic, image fusion, neural network, and non-local means - Scientific Figure on ResearchGate",
    author="Hooman Samani",
    note="Accessed on 2019-05-15"
}

@article{SGF,
    author="Abraham Savitzky, M.J.E. Golay",
    title="Smoothing and Differentiation of Data by Simplified Least-Squares Procedures.",
    journal="Analytical Chemistry",
    volume="36",
    number="8",
    pages="1627--1639",
    year="1964",
    DOI="http://dx.doi.org/10.1021/ac60214a047"
}

@misc{tiobe,
    howpublished="\url{https://www.tiobe.com/tiobe-index/}",
    title="TIOBE Index: Very Long Term History",
    note="Accessed on 2019-05-20"
}

@misc{pypl,
    howpublished="\url{http://pypl.github.io/PYPL.html}",
    title="PYPL PopularitY of Programming Language",
    note="Accessed on 2019-05-20"
}


@misc{iir,
    howpublished="\url{http://www.eas.uccs.edu/~mwickert/ece2610/lecture_notes/ece2610_chap8.pdf}",
    title="Chapter 8: IIR filters",
    author="Mark A. Wickert",
    note="Accessed on 2019-05-21"
}
